@article{Weinstein:2017,
	author = {Weinstein, Ben G.},
	title = {A computer vision for animal ecology},
	journal = {Journal of Animal Ecology},
	volume = {87},
	number = {3},
	pages = {533-545},
	doi = {10.1111/1365-2656.12780},
	url = {https://besjournals.onlinelibrary.wiley.com/doi/abs/10.1111/1365-2656.12780},
}

@article{Simon:2015,
	author    = {Marcel Simon and
	Erik Rodner},
	title     = {Neural Activation Constellations: Unsupervised Part Model Discovery
	with Convolutional Networks},
	journal   = {CoRR},
	volume    = {abs/1504.08289},
	year      = {2015},
	url       = {http://arxiv.org/abs/1504.08289},
	archivePrefix = {arXiv},
	eprint    = {1504.08289},
	timestamp = {Wed, 07 Jun 2017 14:41:47 +0200},
	biburl    = {https://dblp.org/rec/bib/journals/corr/SimonR15},
	bibsource = {dblp computer science bibliography, https://dblp.org}
}

@article{Branson:2014,
	author    = {Steve Branson and
	Grant Van Horn and
	Serge J. Belongie and
	Pietro Perona},
	title     = {Bird Species Categorization Using Pose Normalized Deep Convolutional
	Nets},
	journal   = {CoRR},
	volume    = {abs/1406.2952},
	year      = {2014},
	url       = {http://arxiv.org/abs/1406.2952},
	archivePrefix = {arXiv},
	eprint    = {1406.2952},
	timestamp = {Wed, 07 Jun 2017 14:41:04 +0200},
	biburl    = {https://dblp.org/rec/bib/journals/corr/BransonHBP14},
	bibsource = {dblp computer science bibliography, https://dblp.org}
}

@inproceedings{Lin:2015,
	Author = {Tsung-Yu Lin and Aruni RoyChowdhury and Subhransu Maji},
	Title = {Bilinear CNN Models for Fine-grained Visual Recognition},
	Booktitle = {International Conference on Computer Vision (ICCV)},
	Year = {2015}
}

@inproceedings{Lin:2017:Improv,
	Author = {Tsung-Yu Lin and Subhransu Maji},
	Title = {{Improved Bilinear Pooling with CNNs}},
	Booktitle = {British Machine Vision Conference (BMVC)},
	Year = {2017}
}

@inproceedings{Lin:2017,
	Author = {Tsung-Yu Lin and Aruni RoyChowdhury and Subhransu Maji},
	Title = {Bilinear CNNs for Fine-grained Visual Recognition},
	Booktitle = {Transactions of Pattern Analysis and Machine Intelligence (PAMI)}
	Year = {2017}
}

@article{Freytag:2014,
	author    = {Alexander Freytag and Erik Rodner and Marcel Simon and Alexander Loos and	Hjalmar S. KuÌˆhl and Joachim Denzler1},
	title     = {Chimpanzee Faces in the Wild: Log-Euclidean CNNs for Predicting Identities and Attributes of Primates},
	journal   = {GCPR: Pattern Recognition},
	volume    = {9796},
	year      = {2016},
	url       = {https://link.springer.com/chapter/10.1007%2F978-3-319-45886-1_5#citeas},
}

@article{Norouzzadeh:2017,
	author    = {Mohammad Sadegh Norouzzadeh and
	Anh Nguyen and
	Margaret Kosmala and
	Ali Swanson and
	Craig Packer and
	Jeff Clune},
	title     = {Automatically identifying wild animals in camera trap images with
	deep learning},
	journal   = {CoRR},
	volume    = {abs/1703.05830},
	year      = {2017},
	url       = {http://arxiv.org/abs/1703.05830},
	archivePrefix = {arXiv},
	eprint    = {1703.05830},
	timestamp = {Wed, 07 Jun 2017 14:42:15 +0200},
	biburl    = {https://dblp.org/rec/bib/journals/corr/NorouzzadehNKSP17},
	bibsource = {dblp computer science bibliography, https://dblp.org}
}

@article{Gomez:2016,
	author    = {Alexander G{\'{o}}mez and
	Augusto Salazar and
	Francisco Vargas Bonilla},
	title     = {Towards Automatic Wild Animal Monitoring: Identification of Animal
	Species in Camera-trap Images using Very Deep Convolutional Neural
	Networks},
	journal   = {CoRR},
	volume    = {abs/1603.06169},
	year      = {2016},
	url       = {http://arxiv.org/abs/1603.06169},
	archivePrefix = {arXiv},
	eprint    = {1603.06169},
	timestamp = {Wed, 07 Jun 2017 14:40:25 +0200},
	biburl    = {https://dblp.org/rec/bib/journals/corr/GomezSV16},
	bibsource = {dblp computer science bibliography, https://dblp.org}
}

@inproceedings{Chen:2014, 
	author={G. Chen and T. X. Han and Z. He and R. Kays and T. Forrester}, 
	booktitle={2014 IEEE International Conference on Image Processing (ICIP)}, 
	title={Deep convolutional neural network based species recognition for wild animal monitoring}, 
	year={2014}, 
	volume={}, 
	number={}, 
	pages={858-862}, 
	doi={10.1109/ICIP.2014.7025172}, 
	ISSN={1522-4880}, 
	month={Oct},}

@article{Norouzzadeh:2017:Count,
	author    = {Mohammad Sadegh Norouzzadeh and
	Anh Nguyen and
	Margaret Kosmala and
	Ali Swanson and
	Craig Packer and
	Jeff Clune},
	title     = {Automatically identifying, counting, and describing wild animals in camera-trap images with deep learning},
	journal   = {CoRR},
	volume    = {abs/1703.05830},
	year      = {2017},
	url       = {http://arxiv.org/abs/1703.05830},
	archivePrefix = {arXiv},
	eprint    = {1703.05830},
	timestamp = {Wed, 07 Jun 2017 14:42:15 +0200},
	biburl    = {https://dblp.org/rec/bib/journals/corr/NorouzzadehNKSP17},
	bibsource = {dblp computer science bibliography, https://dblp.org}
}

@article{Burghardt:2016,
	author    = {Benjamin Hughes and
	Tilo Burghardt},
	title     = {Automated Visual Fin Identification of Individual Great White Sharks},
	journal   = {CoRR},
	volume    = {abs/1609.06323},
	year      = {2016},
	url       = {http://arxiv.org/abs/1609.06323},
	archivePrefix = {arXiv},
	eprint    = {1609.06323},
	timestamp = {Wed, 07 Jun 2017 14:42:29 +0200},
	biburl    = {https://dblp.org/rec/bib/journals/corr/HughesB16},
	bibsource = {dblp computer science bibliography, https://dblp.org}
}

@inproceedings{Gomez:2016:Low,
	author = {Gomez Villa, Alexander and Diez, German and Salazar, Augusto and Diaz, Angelica},
	year = {2016},
	month = {12},
	pages = {747-756},
	title = {Animal Identification in Low Quality Camera-Trap Images Using Very Deep Convolutional Neural Networks and Confidence Thresholds},
	volume = {10072},
	isbn = {978-3-319-50834-4},
	journal = {Advances in Visual Computing. ISVC 2016},
	volume = {10072}
}

@Article{Yu:2013,
	author="Yu, Xiaoyuan
	and Wang, Jiangping
	and Kays, Roland
	and Jansen, Patrick A.
	and Wang, Tianjiang
	and Huang, Thomas",
	title="Automated identification of animal species in camera trap images",
	journal="EURASIP Journal on Image and Video Processing",
	year="2013",
	month="Sep",
	day="04",
	volume="2013",
	number="1",
	pages="52",
	issn="1687-5281",
	doi="10.1186/1687-5281-2013-52",
	url="https://doi.org/10.1186/1687-5281-2013-52"
}

@article{Parkhi:2015,
	author = {M. Parkhi, Omkar and Vedaldi, Andrea and Zisserman, Andrew},
	year = {2015},
	month = {01},
	pages = {41.1-41.12},
	title = {Deep Face Recognition},
	volume = {1}
}

@article{Gebru:2017,
	author    = {Timnit Gebru and
	Judy Hoffman and
	Li Fei{-}Fei},
	title     = {Fine-grained Recognition in the Wild: {A} Multi-Task Domain Adaptation
	Approach},
	journal   = {CoRR},
	volume    = {abs/1709.02476},
	year      = {2017},
	url       = {http://arxiv.org/abs/1709.02476},
	archivePrefix = {arXiv},
	eprint    = {1709.02476},
	timestamp = {Thu, 05 Oct 2017 09:43:04 +0200},
	biburl    = {https://dblp.org/rec/bib/journals/corr/abs-1709-02476},
	bibsource = {dblp computer science bibliography, https://dblp.org}
}

@inproceedings{Krause:2015, 
	author={J. Krause and H. Jin and J. Yang and L. Fei-Fei}, 
	booktitle={2015 IEEE Conference on Computer Vision and Pattern Recognition (CVPR)}, 
	title={Fine-grained recognition without part annotations}, 
	year={2015}, 
	volume={}, 
	number={}, 
	pages={5546-5555}, 
	keywords={computer vision;image segmentation;object recognition;rendering (computer graphics);co-segmentation;computer vision community;fine-grained object;fine-grained recognition;part annotation;Image recognition;Image segmentation;Optimization;Robustness;Shape;Standards;Training}, 
	doi={10.1109/CVPR.2015.7299194}, 
	ISSN={1063-6919}, 
	month={June},
}